@software{geopandas,
  author       = {Kelsey Jordahl and
                  Joris Van den Bossche and
                  Martin Fleischmann and
                  Jacob Wasserman and
                  James McBride and
                  Jeffrey Gerard and
                  Jeff Tratner and
                  Matthew Perry and
                  Adrian Garcia Badaracco and
                  Carson Farmer and
                  Geir Arne Hjelle and
                  Alan D. Snow and
                  Micah Cochran and
                  Sean Gillies and
                  Lucas Culbertson and
                  Matt Bartos and
                  Nick Eubank and
                  maxalbert and
                  Aleksey Bilogur and
                  Sergio Rey and
                  Christopher Ren and
                  Dani Arribas-Bel and
                  Leah Wasser and
                  Levi John Wolf and
                  Martin Journois and
                  Joshua Wilson and
                  Adam Greenhall and
                  Chris Holdgraf and
                  Filipe and
                  François Leblanc},
  title        = {geopandas/geopandas: v0.8.1},
  month        = jul,
  year         = 2020,
  publisher    = {Zenodo},
  version      = {v0.8.1},
  doi          = {10.5281/zenodo.3946761},
  url          = {https://doi.org/10.5281/zenodo.3946761}
}

@article{covid,
title = {An interactive web-based dashboard to track COVID-19 in real time},
journal = {The Lancet Infectious Diseases},
volume = {20},
number = {5},
pages = {533-534},
year = {2020},
issn = {1473-3099},
doi = {https://doi.org/10.1016/S1473-3099(20)30120-1},
url = {https://www.sciencedirect.com/science/article/pii/S1473309920301201},
author = {Ensheng Dong and Hongru Du and Lauren Gardner}
}
@misc{keras,
title={ {TensorFlow}: Large-Scale Machine Learning on Heterogeneous Systems},
url={https://www.tensorflow.org/},
note={Software available from tensorflow.org},
author={
    Mart\'{i}n~Abadi and
    Ashish~Agarwal and
    Paul~Barham and
    Eugene~Brevdo and
    Zhifeng~Chen and
    Craig~Citro and
    Greg~S.~Corrado and
    Andy~Davis and
    Jeffrey~Dean and
    Matthieu~Devin and
    Sanjay~Ghemawat and
    Ian~Goodfellow and
    Andrew~Harp and
    Geoffrey~Irving and
    Michael~Isard and
    Yangqing Jia and
    Rafal~Jozefowicz and
    Lukasz~Kaiser and
    Manjunath~Kudlur and
    Josh~Levenberg and
    Dandelion~Man\'{e} and
    Rajat~Monga and
    Sherry~Moore and
    Derek~Murray and
    Chris~Olah and
    Mike~Schuster and
    Jonathon~Shlens and
    Benoit~Steiner and
    Ilya~Sutskever and
    Kunal~Talwar and
    Paul~Tucker and
    Vincent~Vanhoucke and
    Vijay~Vasudevan and
    Fernanda~Vi\'{e}gas and
    Oriol~Vinyals and
    Pete~Warden and
    Martin~Wattenberg and
    Martin~Wicke and
    Yuan~Yu and
    Xiaoqiang~Zheng},
  year={2015},
}

@software{metostat,
title= {Meteostat Python},

author = { Christian Sebastian Lamprecht},
    email = { cla@meteostat.net},
    url = { 'https://orcid.org/0000-0003-3301-2852'}

}
@article{sns,
    doi = {10.21105/joss.03021},
    url = {https://doi.org/10.21105/joss.03021},
    year = {2021},
    publisher = {The Open Journal},
    volume = {6},
    number = {60},
    pages = {3021},
    author = {Michael L. Waskom},
    title = {seaborn: statistical data visualization},
    journal = {Journal of Open Source Software}
 }

@manual{skript, 
    title = {Versuch V14: Tomographie mit Gamma­Strahlung},
    year = 2021,
    organization = {Fakultät Physik, TU Dortmund},
    }
@manual{Struma, 
    title = {Struktur der Materie: Kern- und Teilchenphysik},
    organization = {Tu-Dortmund},
    URL = {https://moodle.tu-dortmund.de/pluginfile.php/1891910/mod_resource/content/0/Vorlesung-KET06.pdf},
    urldate = {2021-12-03},
    }
@manual{Caesium, 
    title = {Gammaspektrum von Cs-137},
    URL = {https://www.leifiphysik.de/kern-teilchenphysik/radioaktivitaet-fortfuehrung/versuche/gammaspektrum-von-cs-137},
    urldate = {2021-12-03},
    }
@manual{Compton, 
    title = {Compton-Effekt},
    URL = {https://www.leifiphysik.de/quantenphysik/quantenobjekt-photon/grundwissen/compton-effekt},
    urldate = {2021-12-03},
    }
@manual{Paar, 
    title = {Wechselwirkungsprozesse von Photonenstrahlung},
    URL = {https://medizinphysik.wiki/wechselwirkung-der-materie/},
    urldate = {2021-12-03},
    }
@manual{skript2, 
    title = {Strahlungsphysik Vorlesung, Herr Block},
    year = 2018,
    organization = {Fakultät Physik, TU Dortmund},
    }
@manual{tomo, 
    title = {Tomographie},
    URL = {https://www.radiologie.de/tomographie/},
    urldate = {2021-12-06},
    }
@manual{Litwerte,
    URL = {https://physics.nist.gov/PhysRefData/Xcom/html/xcom1.html},
    urldate = {2021-12-06},
    }